=LDR  02494cam a2200649 a 4500
=001  013347757
=003  Uk
=005  20211231171955.0
=008  970610s1997\\\\ilua\\\\\b\\\\001\0\eng\d
=FMT  \\$a  BK
=010  \\$a   97072389 
=020  \\$a0965830101
=035  \\$a(OCoLC)37440105
=040  \\$aMoSW$cMoSW$dDLC
=042  \\$alccopycat
=050  04$aQL737.P9$bP672333 1997
=082  00$a333.95/9816$221
=245  00$aPrimate conservation :$bthe role of zoological parks /$cedited by Janette Wallis.
=260  \\$a[Chicago, IL] :$bAmerican Society of Primatologists,$cc1997.
=300  \\$axvi, 252 p. :$bill. ;$c24 cm.
=336  \\$atext$2rdacontent
=337  \\$aunmediated$2rdamedia
=338  \\$avolume$2rdacarrier
=490  1\$aSpecial topics in primatology ;$vv. 1
=504  \\$aIncludes bibliographical references and indexes.
=540  \\$aCurrent copyright fee: GBP34.30$c5\1$5Uk
=650  \0$aPrimates.
=650  \0$aWildlife conservation.
=710  2\$aAmerican Society of Primatologists.
=830  \0$aSpecial topics in primatology ;$vv. 1.
=856  \\$31850-9999$uhttp://www.elsevier.com/journals$xBLDSS
=852  41$aBritish Library$bDSC$h8404.731000$ino. 1
=985  \\$aProvisional record - DSC
=CAT  \\$a8157$b40$c20051129$lBLL01$h1412
=CAT  \\$a8411$b40$c20060406$lBLL01$h1108
=CAT  \\$a8411$b40$c20060406$lBLL01$h1109
=CAT  \\$aBATCH$b00$c20091217$lBLL01$h0406
=CAT  \\$aBATCH$b00$c20100103$lBLL01$h1200
=CAT  \\$aBATCH-CLA$b00$c20131220$lBLL01$h0037
=CAT  \\$aBLDSS-3PM$b00$c20141222$lBLL01$h1715
=CAT  \\$aBATCH-UPD$b00$c20141223$lBLL01$h2101
=CAT  \\$aBATCH-UPD$b00$c20171121$lBLL01$h1745
=CAT  \\$aBATCH-UPD$b00$c20171121$lBLL01$h2357
=CAT  \\$aIPL-CLA$c20171231$lBLL01$h1649
=CAT  \\$aBATCH-UPD$b00$c20190521$lBLL01$h1437
=CAT  \\$aIPL-CLA$c20190630$lBLL01$h1535
=CAT  \\$aBATCH-UPD$b00$c20211119$lBLL01$h1554
=CAT  \\$aIPL-CLA$c20211231$lBLL01$h1719
=CFI  0\$aCurrent copyright fee: GBP34.30$c5\1$e01-jan-2022$fGBP34.30$g0$hP$5Uk
=CFI  2\$aPrevious copyright fee: GBP32.84$c5\1$e01-jul-2019$fGBP32.84$g0$hP$5Uk
=FFP  \\$aY$bBLDSS-3PM
=FIN  \\$aY$d20060406
=SRC  \\$aBLL02$bpart.2.au
=TCO  \\$aTRS$bCCC$c008
=ACF  \\$aPrevious copyright fee: GBP22.50$c5\1$e19-dec-2013$fGBP22.50$g0$hP$5Uk
=ACF  \\$aPrevious copyright fee: GBP23.40$c5\1$e01-jan-2018$fGBP23.40$g0$hP$5Uk
=LAS  \\$aIPL-CLA$b00$c20211231$lBLL01$h1719

