=LDR  04310cam a22009257a 4500
=001  015120101
=003  Uk
=005  20220930160521.0
=008  090427s2009\\\\paua\\\\\b\\\\100\0\eng\\
=FMT  \\$a  BK
=020  \\$a9780768021462 (pbk.)
=040  \\$aUk$beng$cUk
=CNF  \\$aAdvanced battery technology (Session)$d(2009 Apr :$cDetroit, MI)
=245  00$aAdvanced battery technology, 2009.
=260  \\$aWarrendale :$bSAE International,$c2009.
=300  \\$a68 p. :$bill. ;$c28 cm.
=336  \\$atext$2rdacontent
=337  \\$aunmediated$2rdamedia
=338  \\$avolume$2rdacarrier
=504  \\$aIncludes bibliographical references.
=591  \\$aPapers. Held as part of the SAE 2009 world congress.
=540  \\$aCurrent copyright fee: GBP27.50$c109\0$5Uk
=653  1\$aAdvanced battery technology
=653  2\$aSAE
=653  2\$aAutomotive engineers
=710  2\$aSociety of Automotive Engineers.
=856  \\$31850-9999$uhttp://www.sae.org$xBLDSS
=852  41$aBritish Library$bDSC$h8062.927300$ino. 2250 (2009) papers 1381-1389 with gaps
=945  \\$aSAE SP ; no 2250 2009
=CAT  \\$a8411$b40$c20090427$lBLL01$h1052
=CAT  \\$aIPL-CLA$c20170929$lBLL01$h1748
=CAT  \\$aBATCH-UPD$b00$c20171121$lBLL01$h1627
=CAT  \\$aIPL-CLA$c20171231$lBLL01$h1742
=CAT  \\$aBATCH-UPD$b00$c20180223$lBLL01$h1552
=CAT  \\$aIPL-CLA$c20180331$lBLL01$h1642
=CAT  \\$aBATCH-UPD$b00$c20180823$lBLL01$h1908
=CAT  \\$aIPL-CLA$c20180930$lBLL01$h1510
=CAT  \\$aBATCH-UPD$b00$c20181121$lBLL01$h1610
=CAT  \\$aIPL-CLA$c20181231$lBLL01$h1549
=CAT  \\$aBATCH-UPD$b00$c20190829$lBLL01$h1444
=CAT  \\$aIPL-CLA$c20190930$lBLL01$h1646
=CAT  \\$aBATCH-UPD$b00$c20191122$lBLL01$h1846
=CAT  \\$aIPL-CLA$c20191231$lBLL01$h2010
=CAT  \\$aBATCH-UPD$b00$c20200219$lBLL01$h1431
=CAT  \\$aIPL-CLA$c20200331$lBLL01$h1623
=CAT  \\$aBATCH-UPD$b00$c20200522$lBLL01$h1423
=CAT  \\$aIPL-CLA$c20200701$lBLL01$h0106
=CAT  \\$aBATCH-UPD$b00$c20210226$lBLL01$h1004
=CAT  \\$aIPL-CLA$c20210331$lBLL01$h1853
=CAT  \\$aBATCH-UPD$b00$c20210707$lBLL01$h1527
=CAT  \\$aIPL-CLA$c20210707$lBLL01$h1959
=CAT  \\$aBATCH-UPD$b00$c20220520$lBLL01$h1557
=CAT  \\$aIPL-CLA$c20220630$lBLL01$h1718
=CAT  \\$aBATCH-UPD$b00$c20220824$lBLL01$h0830
=CAT  \\$aIPL-CLA$c20220930$lBLL01$h1605
=CFI  0\$aCurrent copyright fee: GBP27.50$c109\0$e01-oct-2022$fGBP27.50$g0$hP$5Uk
=CFI  2\$aPrevious copyright fee: GBP26.40$c109\0$e01-jul-2022$fGBP26.40$g0$hP$5Uk
=FFP  \\$aY$bBLDSS-3PM
=FIN  \\$aY$d20090430
=TCO  \\$aTRS$bCCC$c008
=UNO  \\$aY
=ACF  \\$aPrevious copyright fee: GBP16.13$c109\0$e05-mar-2015$fGBP16.13$g0$hP$5Uk
=ACF  \\$aPrevious copyright fee: GBP16.67$c109\0$e01-jul-2015$fGBP16.67$g0$hP$5Uk
=ACF  \\$aPrevious copyright fee: GBP16.13$c109\0$e01-oct-2015$fGBP16.13$g0$hP$5Uk
=ACF  \\$aPrevious copyright fee: GBP16.77$c109\0$e01-jan-2016$fGBP16.77$g0$hP$5Uk
=ACF  \\$aPrevious copyright fee: GBP17.93$c109\0$e01-apr-2016$fGBP17.93$g0$hP$5Uk
=ACF  \\$aPrevious copyright fee: GBP20.00$c109\0$e01-jan-2017$fGBP20.00$g0$hP$5Uk
=ACF  \\$aPrevious copyright fee: GBP21.60$c109\0$e01-apr-2017$fGBP21.60$g0$hP$5Uk
=ACF  \\$aPrevious copyright fee: GBP20.77$c109\0$e01-oct-2017$fGBP20.77$g0$hP$5Uk
=ACF  \\$aPrevious copyright fee: GBP21.54$c109\0$e01-jan-2018$fGBP21.54$g0$hP$5Uk
=ACF  \\$aPrevious copyright fee: GBP20.00$c109\0$e01-apr-2018$fGBP20.00$g0$hP$5Uk
=ACF  \\$aPrevious copyright fee: GBP21.54$c109\0$e01-oct-2018$fGBP21.54$g0$hP$5Uk
=ACF  \\$aPrevious copyright fee: GBP23.08$c109\0$e01-jan-2019$fGBP23.08$g0$hP$5Uk
=ACF  \\$aPrevious copyright fee: GBP24.00$c109\0$e01-oct-2019$fGBP24.00$g0$hP$5Uk
=ACF  \\$aPrevious copyright fee: GBP26.40$c109\0$e01-jan-2020$fGBP26.40$g0$hP$5Uk
=ACF  \\$aPrevious copyright fee: GBP25.38$c109\0$e01-apr-2020$fGBP25.38$g0$hP$5Uk
=ACF  \\$aPrevious copyright fee: GBP26.40$c109\0$e01-jul-2020$fGBP26.40$g0$hP$5Uk
=ACF  \\$aPrevious copyright fee: GBP24.44$c109\0$e01-apr-2021$fGBP24.44$g0$hP$5Uk
=ACF  \\$aPrevious copyright fee: GBP23.57$c109\0$e07-jul-2021$fGBP23.57$g0$hP$5Uk
=LAS  \\$aIPL-CLA$b00$c20220930$lBLL01$h1605

